<record><leader>00000cas a22000007a 4500</leader><controlfield tag="001">13988035</controlfield><controlfield tag="008">860730d18731uuutxuuu ne      0    0eng d</controlfield><datafield ind1=" " ind2=" " tag="010"><subfield code="a">sn 86088332 </subfield></datafield><datafield ind1=" " ind2=" " tag="040"><subfield code="a">PPM</subfield><subfield code="b">eng</subfield><subfield code="c">PPM</subfield><subfield code="d">OCLCQ</subfield></datafield><datafield ind1=" " ind2=" " tag="042"><subfield code="a">msc</subfield></datafield><datafield ind1="0" ind2="0" tag="245"><subfield code="a">Beaumont news-beacon.</subfield></datafield><datafield ind1="3" ind2="0" tag="246"><subfield code="a">News-beacon</subfield></datafield><datafield ind1=" " ind2=" " tag="260"><subfield code="a">Beaumont, Tex. :</subfield><subfield code="b">W.F. McClanahan</subfield></datafield><datafield ind1=" " ind2=" " tag="300"><subfield code="a">v. ;</subfield><subfield code="c">60 cm.</subfield></datafield><datafield ind1="1" ind2=" " tag="362"><subfield code="a">Began in 1873?</subfield></datafield><datafield ind1=" " ind2=" " tag="580"><subfield code="a">Formed by the union of: Neches Valley news, and: Sabine Pass beacon.</subfield></datafield><datafield ind1=" " ind2=" " tag="588"><subfield code="a">Description based on: Vol. 1, no. 23, whole no. 484 (June 7, 1873).</subfield></datafield><datafield ind1=" " ind2=" " tag="752"><subfield code="a">United States</subfield><subfield code="b">Texas</subfield><subfield code="d">Jefferson</subfield><subfield code="d">Beaumont.</subfield></datafield><datafield ind1="1" ind2="4" tag="780"><subfield code="t">Neches Valley news</subfield></datafield><datafield ind1="1" ind2="4" tag="780"><subfield code="t">Sabine Pass beacon</subfield></datafield></record>